#CNN原始论文

@article{krizhevsky2012imagenet,
  title   = {Imagenet classification with deep convolutional neural networks},
  author  = {Krizhevsky, Alex and Sutskever, Ilya and Hinton, Geoffrey E},
  journal = {Advances in neural information processing systems},
  volume  = {25},
  year    = {2012}
}

#AutoGluon引用

@article{agtabular,
  title   = {AutoGluon-Tabular: Robust and Accurate AutoML for Structured Data},
  author  = {Erickson, Nick and Mueller, Jonas and Shirkov, Alexander and Zhang, Hang and Larroy, Pedro and Li, Mu and Smola, Alexander},
  journal = {arXiv preprint arXiv:2003.06505},
  year    = {2020}
}

#Resnet原始论文

@inproceedings{he2016deep,
  title     = {Deep residual learning for image recognition},
  author    = {He, Kaiming and Zhang, Xiangyu and Ren, Shaoqing and Sun, Jian},
  booktitle = {Proceedings of the IEEE conference on computer vision and pattern recognition},
  pages     = {770--778},
  year      = {2016}
}

#GNN原始论文


@article{kipf2016semi,
  title   = {Semi-supervised classification with graph convolutional networks},
  author  = {Kipf, Thomas N and Welling, Max},
  journal = {arXiv preprint arXiv:1609.02907},
  year    = {2016}
}

#GNN容易平滑的问题

@article{zhang2019graph,
  title     = {Graph convolutional networks: a comprehensive review},
  author    = {Zhang, Si and Tong, Hanghang and Xu, Jiejun and Maciejewski, Ross},
  journal   = {Computational Social Networks},
  volume    = {6},
  number    = {1},
  pages     = {1--23},
  year      = {2019},
  publisher = {SpringerOpen}
}

#CNN and cellular automata

@article{488819,
  author  = {Crounse, K.R. and Chua, L.O.},
  journal = {IEEE Transactions on Circuits and Systems I: Fundamental Theory and Applications},
  title   = {The CNN Universal Machine is as universal as a Turing Machine},
  year    = {1996},
  volume  = {43},
  number  = {4},
  pages   = {353-355},
  doi     = {10.1109/81.488819}
}

#CNN and cellular automata

@book{doi:10.1142/3801,
author = {Chua, Leon O},
title = {CNN: A Paradigm for Complexity},
publisher = {WORLD SCIENTIFIC},
year = {1998},
doi = {10.1142/3801},
address = {},
edition   = {},
URL = {https://www.worldscientific.com/doi/abs/10.1142/3801},
eprint = {https://www.worldscientific.com/doi/pdf/10.1142/3801}
}
